
@book{FruehwirthSchnatter.2006,
	Address = {Heidelberg},
	Author = {Fr{\"u}hwirth-Schnatter, Sylvia},
	Publisher = {Springer},
	Title = {Finite Mixture and Markov Switching Models},
	Year = {2006}}


@book{Gelman.Hill.2006,
	Address = {Cambridge},
	Author = {Gelman, Andrew and Hill, Jennifer},
	Publisher = {Cambridge University Press},
	Title = {Data Analysis using Regression and Multilevel/Hierarchical Models},
	Year = {2006}}

@book{Jackman.2009,
	Address = {New York},
	Author = {Jackman, Simon},
	Context = {paper_eu-leftright},
	Publisher = {Wiley},
	Title = {{Bayesian Analysis for the Social Sciences}},
	Year = {2009}}


@article{Lauritzen.et.al.1990,
	Author = {Lauritzen, S. L. and Dawid, A. P. and Larsen, B. N. and Leimer, H.-G.},
	Journal = {Networks},
	Number = {5},
	Pages = {491-505},
	Title = {Independence properties of directed markov fields},
	Volume = {20},
	Year = {1990}}


@article{Albert.Chib.1993,
	Author = {Albert, James H. and Chib, Siddhartha},
	Journal = {Journal of the American Statistical Association},
	Number = {88},
	Pages = {669-679},
	Title = {Bayesian Analysis of Binary and Polychotomous Response Data},
	Volume = {422},
	Year = {1993}}


@article{vanDyk.Meng.2001,
	Author = {{van Dyk}, David A. and Meng, Xiao-Li},
	Journal = {Journal of Computational and Graphical Statistics},
	Number = {1},
	Pages = {1--50},
	Title = {The Art of Data Augmentation},
	Volume = {10},
	Year = {2001}}

@article{Imai.vanDyk.2005,
	Author = {Imai, Kosuke and {van Dyk}, David A.},
	Journal = {Journal of Econometrics},
	Number = {2},
	Pages = {311--334},
	Title = {A Bayesian analysis of the multinomial probit model using marginal data augmentation},
	Volume = {124},
	Year = {2005}}
